<?xml version="1.0" encoding="UTF-8"?><record xmlns="http://www.loc.gov/MARC21/slim" xmlns:cinclude="http://apache.org/cocoon/include/1.0" xmlns:zs="http://www.loc.gov/zing/srw/">
  <leader>00951cz  a2200229n  4500</leader>
  <controlfield tag="001">n  83042662 </controlfield>
  <controlfield tag="003">DLC</controlfield>
  <controlfield tag="005">20141218122144.0</controlfield>
  <controlfield tag="008">830318n| azannaabn          |a aaa      </controlfield>
  <datafield tag="010" ind1=" " ind2=" ">
    <subfield code="a">n  83042662 </subfield>
  </datafield>
  <datafield tag="035" ind1=" " ind2=" ">
    <subfield code="a">(OCoLC)oca00930830</subfield>
  </datafield>
  <datafield tag="040" ind1=" " ind2=" ">
    <subfield code="a">DLC</subfield>
    <subfield code="b">eng</subfield>
    <subfield code="e">rda</subfield>
    <subfield code="c">DLC</subfield>
    <subfield code="d">DLC</subfield>
    <subfield code="d">IAhCCS</subfield>
    <subfield code="d">DLC</subfield>
  </datafield>
  <datafield tag="046" ind1=" " ind2=" ">
    <subfield code="f">1908</subfield>
    <subfield code="g">1991</subfield>
  </datafield>
  <datafield tag="100" ind1="1" ind2=" ">
    <subfield code="a">Brown, Paul,</subfield>
    <subfield code="d">1908-1991</subfield>
  </datafield>
  <datafield tag="400" ind1="1" ind2=" ">
    <subfield code="a">B., P.</subfield>
    <subfield code="q">(Paul Brown),</subfield>
    <subfield code="d">1908-1991</subfield>
  </datafield>
  <datafield tag="400" ind1="1" ind2=" ">
    <subfield code="w">nnaa</subfield>
    <subfield code="a">Brown, Paul E.,</subfield>
    <subfield code="d">1908-1991</subfield>
  </datafield>
  <datafield tag="400" ind1="0" ind2=" ">
    <subfield code="a">P. B.</subfield>
    <subfield code="q">(Paul Brown),</subfield>
    <subfield code="d">1908-1991</subfield>
  </datafield>
  <datafield tag="670" ind1=" " ind2=" ">
    <subfield code="a">Forbes, D. The Cincinnati Bengals, 1973.</subfield>
  </datafield>
  <datafield tag="670" ind1=" " ind2=" ">
    <subfield code="a">Collett, R. Super stripes, c1982:</subfield>
    <subfield code="b">t.p. (PB; Paul Brown)</subfield>
  </datafield>
  <datafield tag="670" ind1=" " ind2=" ">
    <subfield code="a">Natali, A. Brown's town, c2001:</subfield>
    <subfield code="b">CIP galley (Paul Brown; coach of Cleveland Browns)</subfield>
  </datafield>
  <datafield tag="670" ind1=" " ind2=" ">
    <subfield code="a">Hickok, R. A who's who of sports champions, 1995:</subfield>
    <subfield code="b">p. 100-101 (Brown, Paul E.; b. Sept. 7, 1908; d. Aug. 5, 1991)</subfield>
  </datafield>
  <datafield tag="670" ind1=" " ind2=" ">
    <subfield code="a">Information from 678 converted Dec. 18, 2014</subfield>
    <subfield code="b">(manager of the Cincinnati Bengals football club)</subfield>
  </datafield>
</record>